<?xml version="1.0" encoding="UTF-8"?><collection xmlns="http://www.loc.gov/MARC21/slim"><record><leader>00519nam--2200193-i-4500</leader><controlfield tag="001">000003438</controlfield><controlfield tag="002">20161230</controlfield><controlfield tag="005">20161230201025</controlfield><controlfield tag="008">060222s1000------------r-----000-0-rum-d</controlfield><datafield ind1=" " ind2=" " tag="040"><subfield code="a">IFIN-HH</subfield></datafield><datafield ind1=" " ind2=" " tag="041"><subfield code="a">rum</subfield></datafield><datafield ind1=" " ind2=" " tag="080"><subfield code="a">539</subfield></datafield><datafield ind1="1" ind2=" " tag="100"><subfield code="a">Atanasiu, Virgil</subfield></datafield><datafield ind1="1" ind2="0" tag="245"><subfield code="a">Structura materiei</subfield><subfield code="c">Virgil atanasiu</subfield></datafield><datafield ind1=" " ind2=" " tag="260"><subfield code="a">Bucuresti</subfield><subfield code="b">Editura Tehnica</subfield><subfield code="c">1955</subfield></datafield><datafield ind1=" " ind2=" " tag="300"><subfield code="a">200P</subfield></datafield><datafield ind1=" " ind2=" " tag="490"><subfield code="a">Biblioteca Societatii De Stiinte Matematice Si Fizice Din Rpr</subfield><subfield code="v">Vol. 14</subfield></datafield><datafield ind1=" " ind2=" " tag="852"><subfield code="a">3875</subfield><subfield code="c">539</subfield></datafield><datafield ind1=" " ind2=" " tag="CAT"><subfield code="a">Sys</subfield><subfield code="c">20110921</subfield><subfield code="h">104454</subfield></datafield></record></collection>